<?xml version="1.0" encoding="UTF-8"?><record xmlns="http://www.loc.gov/MARC21/slim" xmlns:cinclude="http://apache.org/cocoon/include/1.0" xmlns:zs="http://www.loc.gov/zing/srw/">
  <leader>00347nz  a2200133n  4500</leader>
  <controlfield tag="001">no 96014274 </controlfield>
  <controlfield tag="003">DLC</controlfield>
  <controlfield tag="005">19960320053551.8</controlfield>
  <controlfield tag="008">960319n| acannaab|          |n ana     c</controlfield>
  <datafield tag="010" ind1=" " ind2=" ">
    <subfield code="a">no 96014274 </subfield>
  </datafield>
  <datafield tag="035" ind1=" " ind2=" ">
    <subfield code="a">(OCoLC)oca04037850 </subfield>
  </datafield>
  <datafield tag="040" ind1=" " ind2=" ">
    <subfield code="a">InU</subfield>
    <subfield code="c">InU</subfield>
  </datafield>
  <datafield tag="110" ind1="2" ind2="0">
    <subfield code="a">Palatine, Inc.</subfield>
  </datafield>
  <datafield tag="670" ind1=" " ind2=" ">
    <subfield code="a">Interactive sign language, 1993:</subfield>
    <subfield code="b">container (Palatine, Inc.)</subfield>
  </datafield>
</record>